@book{boiko_2005, place={Indianapolis}, title={Content management bible}, publisher={Wiley Pub.}, author={Boiko, Bob}, year={2005}}

@book{brampton_2008, place={Birmingham}, title={PHP5 CMS framework development: expert insight and practical guidance to creating an efficient, flexible, and robust framework for a PHP5-based content management system}, publisher={Packt Publishing}, author={Brampton, Martin}, year={2008}}

@book{geerling_2015, place={S.l.}, title={ANSIBLE FOR DEVOPS: server and configuration management for humans}, publisher={MIDWESTERN MAC, LLC}, author={GEERLING, JEFF}, year={2015}}

@book{thompson_2015, place={Place of publication not identified}, title={Vagrant virtual development environment cookbook}, publisher={Packt Publishing Limited}, author={Thompson, Chad}, year={2015}}

@book{barker_2016, place={Sebastopol, CA}, title={Web content management: systems, features, and best practices}, publisher={O'Reilly}, author={Barker, Deane}, year={2016}}

@article{moufa_2013, title={International Journal of Advance Research in Computer Science and Management Studies}, volume={1}, url={www.ijarcsms.com}, number={3}, journal={International Journal of Advance Research in Computer Science and Management Studies}, year={2013}, month={Aug}, pages={13â€“17}}

@misc{pixelmedia, title={Selecting a Web Content Management System}, url={https://www.pixelmedia.com/images/eBook-Selecting-Web-CMS.pdf}, journal={https://www.pixelmedia.com/images/eBook-Selecting-Web-CMS.pdf}, publisher={PixelMedia}}

@misc{linode, title={Content Management Systems: an Overview}, url={https://www.linode.com/docs/websites/cms/cms-overview}, journal={Linode Guides & Tutorials}, year={2017}, month={Feb}}

@misc{wikipedia_2017:01, title={List of content management systems}, url={https://en.wikipedia.org/wiki/List_of_content_management_systems}, journal={Wikipedia}, publisher={Wikimedia Foundation}, year={2017}, month={Apr}}

@misc{wikipedia_2017:02, title={Content management system}, url={https://en.wikipedia.org/wiki/Content_management_system}, journal={Wikipedia}, publisher={Wikimedia Foundation}, year={2017}, month={Apr}}

@misc{opensource_cms_demos_and_information, title={Open Source CMS / Portals Demos}, url={https://www.opensourcecms.com/scripts/show.php?catid=1&category=CMS \%2F Portals}, journal={Opensource CMS Demos And Information}}

@misc{basics, title={The basics of content management systems}, url={https://gcn.com/articles/2017/04/18/cms-basics.aspx}, journal={GCN}, author={18, 2017 William FreedmanApr}}


@misc{make_a_website_hub_2017, title={Best Content Management System 2017 - WordPress Vs Joomla Vs Drupal}, url={https://makeawebsitehub.com/content-management-system-cms-comparison/}, journal={Make A Website Hub}, year={2017}, month={May}}

@misc{comparison_tables, title={Free Content Management System (CMS) Comparison table}, url={https://socialcompare.com/en/comparison/popular-content-management-system-cms-comparison-table}, journal={Comparison tables - SocialCompare}}

@misc{mening_2018, title={WordPress vs. Joomla vs. Drupal (CMS Comparison)}, url={https://websitesetup.org/cms-comparison-wordpress-vs-joomla-drupal/}, journal={How to Make a Website}, author={Mening, Robert}, year={2018}, month={Feb}}